@misc{slu_zaklad-teo-grafu,
    author = "Radomír Perzina",
    title = "Základní pojmy z teorie grafů",
    howpublished = "\url{https://is.slu.cz/el/opf/zima2021/INMBPOAE/3113831/Prednaska_9.pdf}",
    note = "[Online 24. 11. 2024]"
}

@article{cliq-definition,
    author = "Azizullah Paeyndah and Adela Murid",
    title = "THE HARD AND EASY WAY TO DETERMINE CLIQUE (A comparative Review)",
    journal = "International Journal of Mathematics and Physical Sciences Research",
    year = 2021
}

@article{max-cliq,
  author   = "Panos Pardalos, Jue Xue",
  title    = "The Maximum Clique Problem",
  journal  = "Journal of Global Optimization",
  year     = 1994
}
